@article{linguistics,
  author =       "Sam Tilsen and Debarghya Das and Bruce McKee",
  title =        "Real-time articulatory biofeedback with electromagnetic articulography",
  journal =      "Linguistics Vanguard",
  year =         "in press",
  DOI =          "http://dx.doi.org/10.1002/andp.19053221004"
}

